@article{ViroliTOCL2016,
  author    = {Mirko Viroli and
               Giorgio Audrito and
               Ferruccio Damiani and
               Danilo Pianini and
               Jacob Beal},
  title     = {A Higher-order Calculus of Computational Fields},
  journal   = {CoRR},
  volume    = {abs/1610.08116},
  year      = {2016},
  url       = {http://arxiv.org/abs/1610.08116},
  timestamp = {Wed, 02 Nov 2016 09:51:26 +0100},
  biburl    = {http://dblp.uni-trier.de/rec/bib/journals/corr/ViroliADPB16},
  bibsource = {dblp computer science bibliography, http://dblp.org}
}
